1846 3624
202 155 258 227 De.
272 144 661 250 Apopblegmatiuntibus.
715 174 794 241 227

67 249 218 350 utrisque
239 272 339 323 motus
354 247 395 319 ab
415 247 643 325 eidem‘causi
665 252 797 351 imper.

70 349 124 423 sus
138 348 194 428 su,
213 345 321 418 multi)
336 354 465 415 celerius
476 343 797 435 feretnrMaercurt'us,

72 449 248 521 &diutius
274 440 413 513 servabit
429 468 542 513 motum
561 441 677 525 suurn,
695 444 809 544 quim

74 541 132 616 reli
157 567 200 614 ua
217 540 342 635 liquida
362 572 373 608 :
392 564 588 637 quapropter
610 542 696 616 iliius
723 568 796 643 par-

76 570 180 712 ricuiae
201 640 236 708 in
243 636 413 733 fluidorum
429 636 629 733 reliquorum
654 645 797 739 particu-

75 736 118 808 ias
133 731 245 807 mimis
267 757 373 804 motas
392 735 629 831 impingentes,
654 737 796 821 easdem,

77 842 109 903 vi
134 830 282 930 quidam
309 829 350 900 ab
377 829 501 901 excessu
524 840 696 906 velocitati&
729 835 794 909 suae

76 929 144 1002 otti
160 982 170 1010 ,
188 926 428 1025 penetrabunt,
448 927 629 1003 discindent
647 942 682 1004 δι
703 959 794 1007 com·

75 1049 253 1105 minuent,
277 1049 419 1094 necnon
438 1049 595 1118 majorem
612 1054 727 1109 motum
753 1032 794 1103 iis

76 1125 277 1221 impriment.
308 1125 389 1190 Haec
410 1120 488 1190 veri)
551 1132 667 1218 'ereutii
678 1129 711 1194 in
730 1125 802 1199 alia.

68 1221 173 1315 fluida
189 1220 278 1291 arrio
296 1215 371 1287 licet
387 1216 527 1314 pendeat
546 1217 589 1289 ab
607 1224 676 1305 ejus
686 1222 794 1311 ftlidj-

73 1341 139 1388 tate
158 1367 171 1398 ,
188 1339 345 1411 tanquam
360 1313 379 1380 i
399 1310 465 1382 ioli
483 1312 579 1384 causi
597 1365 607 1395 ,
623 1317 728 1414 potest
744 1341 794 1403 ta-

71 1439 149 1486 men
176 1438 221 1483 au
240 1418 317 1492 eri,
343 1406 462 1482 scilicet
478 1437 554 1482 eum
579 1414 613 1484 in
643 1420 792 1487 minutiae

70 1439 255 1610 redigenio
272 1535 282 1579 r
302 1524 380 1578 tunc
404 1510 492 1578 enim
514 1508 667 1606 qualibet
693 1513 793 1609 parti-

70 1607 147 1681 cula
197 1606 477 1705 proportionatam
514 1605 621 1680 adhuc
655 1611 722 1680 acci
745 1610 792 1683 iet

71 1704 187 1804 agendi
213 1699 402 1775 facultatem
430 1698 473 1772 ab
500 1704 598 1775 aut'bi
615 1704 706 1804 super
729 1709 791 1781 cie.

72 1807 260 1874 Mercurius
277 1821 383 1870 autern
404 1795 439 1868 in
454 1803 604 1898 Corpore
623 1801 791 1887 nostrote·

70 1920 186 1997 ceptus
203 1923 275 1969 non
300 1894 367 1994 agir
385 1892 419 1966 in
435 1892 545 1969 Fluida
563 1947 575 1978 ,
594 1896 652 1971 nist
676 1899 712 1970 in
731 1894 792 1970 mi-

69 2000 168 2067 nimti
191 1993 280 2066 Vafis
305 2020 315 2076 3
342 1992 499 2089 quamdiu
526 1997 615 2068 enim
645 1998 680 2068 in
703 1994 793 2071 Veiis

70 2090 243 2180 majoribus
257 2114 431 2169 movetur,
445 2093 479 2160 in
489 2114 599 2189 guttas
615 2097 684 2165 coi't
698 2143 709 2173 ,
731 2098 793 2166 nec

70 2188 223 2287 Liquidis
239 2187 352 2258 nostris
370 2185 416 2257 ibi
428 2184 547 2257 interni
559 2189 794 2287 permiscetur;

68 2287 162 2359 idem
194 2283 273 2359 vero
300 2285 334 2368 in
361 2276 443 2354 Vaia
471 2283 793 2370 minimadela‘tus„
854 2297 859 2307 '

70 2405 209 2482 propter
226 2382 350 2453 viarum
360 2379 517 2475 angustias
535 2385 569 2454 in
580 2391 726 2456 minutias
740 2384 793 2457 di·

71 2481 199 2553 viditur
219 2487 282 2558 ,&
298 2500 375 2549 curn
390 2478 535 2576 Liquidis
557 2481 670 2553 nostris
686 2480 793 2579 probi

73 2572 313 2649 commiscetur.
335 2569 434 2647 Unde
458 2575 793 2674 constat‚qu'od,non

72 2672 253 2745 mdiati
280 2673 315 2743 in
345 2672 541 2770 Sanguinem
567 2696 661 2770 agat,
682 2672 793 2747 sedin
830 2750 834 2755 ,

74 2769 261 2869 Lympham
274 2788 406 2865 ,utpote
424 2764 558 2841 invaso
567 2772 702 2838 minimis
713 2793 793 2839 con·

72 2889 209 2941 tentam.
247 2866 338 2937 Hinc
360 2864 459 2936 etiam
476 2862 548 2935 elici
567 2862 669 2960 potest
690 2860 793 2946 ratio,

72 2989 129 3036 cut
156 2965 192 3034 in
219 2955 424 3059 Corporibus
449 2959 627 3050 obliariis,
646 2983 682 3032 ut
702 2961 736 3039 in
751 2961 793 3033 in

72 3064 131 3162 qui
142 3065 221 3163 ime
236 3057 404 3141 Venerei,
420 3058 603 3163 Hyelmpc,
618 3054 792 3145 Scorbutm
