1846 3624
75 39 87 363 Ι
305 173 638 277 EDITORIS'.
767 176 830 294 xxj

56 335 65 350 ·
148 278 211 372 uri
227 291 266 375 de
284 324 362 405 quo
378 292 462 377 nori
482 299 663 383 mediocri
690 300 830 386 afficiar¹

56 442 64 454 ·
144 402 271 506 gardim
295 407 349 487 iin
369 403 513 497 minus,
534 432 574 491 tu
594 410 747 521 ipsemet
771 442 828 494 rr·

56 518 79 635 ³⁸
141 512 220 619 liquo
250 517 286 595 su
317 519 418 625 plere
449 515 670 629 dignaberis.
707 520 827 602 Porrd

56 644 79 947 p
137 622 271 731 quidqui
315 629 458 707 bonum
470 637 509 708 in
522 626 631 739 hujus
642 631 831 737 Opusculi

134 730 239 814 Textu
260 742 468 841 inveneris,
487 736 527 817 id
546 767 659 844 omno
673 735 828 819 Praecla-

124 840 249 923 n'ssimo
268 848 566 947 Bornrrnuvro
580 843 665 956 jnrd
685 875 729 928 ac
748 874 828 929 ηιμ

120 950 185 1032 ritd
203 952 588 1067 arrogare‚ips1usque
608 958 741 1039 Tholis
759 982 829 1067 ap-

115 1061 275 1170 pendere
296 1060 427 1171 udque
444 1093 522 1145 nou
541 1064 745 1146 dubitabis:
763 1095 826 1147 ve·

114 1168 195 1252 uim
213 1172 346 1282 siquid
357 1170 482 1255 adhuc
502 1172 626 1255 minus
646 1173 756 1284 apti·5
769 1166 830 1255 vei

110 1288 223 1363 etiam
243 1309 441 1393 perperam
461 1281 668 1392 expositum
687 1282 827 1364 ibidem

107 1388 308 1474 offenderis
317 1438 334 1499 Ι,
357 1394 451 1474 istud
472 1389 641 1503 profedd
677 1414 756 1471 non
785 1400 826 1472 in

106 1488 446 1582 Praestantisbmum
469 1498 669 1582 Audorem
679 1555 691 1591 ,
703 1500 764 1583 sed
783 1509 825 1583 in

105 1612 394 1721 Discipulorum
410 1608 694 1693 describentium
706 1613 825 1722 negli-

106 1731 298 1833 gentiam,
327 1746 368 1802 ut
397 1733 435 1801 δι
463 1721 682 1817 inscitiam,
710 1740 826 1830 atque

104 1833 399 1943 cacographiam
411 1830 826 1939 ‚velinTypographo
843 1886 847 1895 «

105 1972 191 2047 rum
220 1940 611 2052 sphalmata,prccor,
638 1938 823 2020 rotundus.-

107 2054 190 2163 Ego
209 2038 304 2132 vcrd
316 2055 329 2152 (
341 2048 395 2131 uti
410 2048 491 2158 jam
510 2047 586 2128 dixi
605 2053 620 2147 )
642 2049 717 2126 hoc
741 2046 827 2125 sani:

107 2163 290 2242 duntaxat
317 2169 357 2239 iu
392 2159 462 2237 isto
499 2154 667 2264 suscepto
702 2155 827 2234 labore

108 2274 203 2351 mihi
224 2272 421 2381 proposui,
438 2289 480 2347 ut
498 2266 638 2346 vscilicet
658 2264 826 2373 qualemd

106 2410 261 2489 cunque
292 2380 393 2458 hanc
421 2368 636 2459 Editioncm
675 2371 826 2454 clariffi⁴

106 2522 173 2572 mo
192 2493 363 2569 Austoris
383 2492 537 2567 nornine
557 2483 681 2563 minin
702 2481 825 2593 indig-

105 2629 197 2682 nam
216 2651 236 2688 ,.
256 2598 563 2679 emaculatiorem
590 2589 713 2671 multd
740 2645 752 2679 ‚
779 2618 825 2669 ac

106 2706 271 2822 proinde
288 2707 502 2814 Tyronibus
522 2729 601 2781 non
624 2699 741 2778 solum
769 2704 827 2774 iu⁴

106 2827 285 2907 noxiam,
302 2815 363 2896 sed
385 2827 422 2893 &
442 2819 554 2923 priori
574 2807 685 2916 louge*
704 2806 828 2884 utilio⁴

108 2958 216 3024 rem,
233 2935 274 3005 in
296 2922 470 3006 omuibus
490 2946 560 3030 pto
577 2922 670 2996 virili
692 2939 795 3025 parte
813 2959 827 3004 ‚

106 3036 316 3122 efficerem.
344 3034 400 3118 Ar
417 3038 521 3114 enim
540 3021 697 3110 Librum
717 3022 825 3107 hunc
